<record><leader>00000cas a22000007a 4500</leader><controlfield tag="001">19762883</controlfield><controlfield tag="008">890525d18uu1840lauwr ne      0    0eng d</controlfield><datafield ind1=" " ind2=" " tag="010"><subfield code="a">sn 89059254 </subfield></datafield><datafield ind1=" " ind2=" " tag="040"><subfield code="a">LNP</subfield><subfield code="b">eng</subfield><subfield code="c">LNP</subfield><subfield code="d">OCL</subfield><subfield code="d">OCLCQ</subfield><subfield code="d">OCLCF</subfield><subfield code="d">OCLCO</subfield></datafield><datafield ind1="1" ind2=" " tag="029"><subfield code="a">AU@</subfield><subfield code="b">000020224368</subfield></datafield><datafield ind1=" " ind2=" " tag="042"><subfield code="a">msc</subfield></datafield><datafield ind1=" " ind2=" " tag="043"><subfield code="a">n-us-la</subfield></datafield><datafield ind1="0" ind2="4" tag="245"><subfield code="a">The Louisiana journal, and agricultural and horticultural repository.</subfield></datafield><datafield ind1="1" ind2="3" tag="246"><subfield code="a">Louisiana journal</subfield></datafield><datafield ind1=" " ind2=" " tag="260"><subfield code="a">St. Francisville, La. :</subfield><subfield code="b">Thomas S. Nesmith &amp; Co.</subfield></datafield><datafield ind1=" " ind2=" " tag="300"><subfield code="a">v.</subfield></datafield><datafield ind1=" " ind2=" " tag="310"><subfield code="a">Weekly</subfield></datafield><datafield ind1="1" ind2=" " tag="362"><subfield code="a">Ceased in 1840?</subfield></datafield><datafield ind1=" " ind2=" " tag="588"><subfield code="a">Description based on: Vol. 2, no. 7, whole no. 59 (Feb. 18, 1836).</subfield></datafield><datafield ind1=" " ind2="0" tag="651"><subfield code="a">Saint Francisville (La.)</subfield><subfield code="v">Newspapers.</subfield></datafield><datafield ind1=" " ind2="7" tag="655"><subfield code="a">Newspapers.</subfield><subfield code="2">fast</subfield><subfield code="0">(OCoLC)fst01423814</subfield></datafield><datafield ind1=" " ind2="7" tag="651"><subfield code="a">Louisiana</subfield><subfield code="z">Saint Francisville.</subfield><subfield code="2">fast</subfield><subfield code="0">(OCoLC)fst01308187</subfield></datafield><datafield ind1=" " ind2=" " tag="752"><subfield code="a">United States</subfield><subfield code="b">Louisiana</subfield><subfield code="c">West Feliciana</subfield><subfield code="d">Saint Francisville.</subfield></datafield><datafield ind1="0" ind2="0" tag="780"><subfield code="t">Louisiana journal</subfield><subfield code="w">(DLC)sn 83016575</subfield></datafield><datafield ind1="0" ind2="0" tag="785"><subfield code="t">Louisiana journal (Saint Francisville, La. : 1840)</subfield><subfield code="w">(DLC)sn 89059255</subfield></datafield></record>